@book{nasem2024pmp,
  author    = {{NASEM}},
  title     = {Modernizing Probable Maximum Precipitation Estimation},
  year      = {2024},
  publisher = {National Academies Press},
  address   = {Washington, DC},
  doi       = {10.17226/27460},
  url       = {https://doi.org/10.17226/27460}
}

@book{usgcrp2023nca5,
  title     = {USGCRP, 2023: Fifth National Climate Assessment},
  editor    = {Crimmins, A. R. and Avery, C. W. and Easterling, D. R. and Kunkel, K. E. and Stewart, B. C. and Maycock, T. K.},
  organization = {U.S. Global Change Research Program},
  year      = {2023},
  address   = {Washington, DC, USA},
  publisher = {U.S. Global Change Research Program}
}

@book{ipcc2023ar6,
  title     = {Climate Change 2023: Synthesis Report. Contribution of Working Groups I, II and III to the Sixth Assessment Report of the Intergovernmental Panel on Climate Change},
  editor    = {Lee, H. and Romero, J.},
  year      = {2023},
  publisher = {Intergovernmental Panel on Climate Change},
  address   = {Geneva, Switzerland},
  url       = {https://www.ipcc.ch/report/ar6/syr/},
  note      = {IPCC Sixth Assessment Report}
}

@article{watt2025ace2,
  title={{ACE}2: accurately learning subseasonal to decadal atmospheric variability and forced responses},
  author={Watt-Meyer, Oliver and Henn, Brian and McGibbon, Jeremy and Clark, Spencer K and Kwa, Anna and Perkins, W Andre and Wu, Elynn and Harris, Lucas and Bretherton, Christopher S},
  journal={npj Climate and Atmospheric Science},
  volume={8},
  number={1},
  pages={205},
  year={2025},
  publisher={Nature Publishing Group UK London}
}

@article{chapman2025camulator,
  title={{CAM}ulator: Fast emulation of the {C}ommunity {A}tmosphere {M}odel},
  author={Chapman, William E and Schreck, John S and Sha, Yingkai and Gagne II, David John and Kimpara, Dhamma and Zanna, Laure and Mayer, Kirsten J and Berner, Judith},
  journal={arXiv preprint arXiv:2504.06007},
  year={2025}
}


@article{cresswell2024deep,
  title={A deep learning earth system model for stable and efficient simulation of the current climate},
  author={Cresswell-Clay, Nathaniel and Liu, Bowen and Durran, Dale and Liu, Andy and Espinosa, Zachary I and Moreno, Raul and Karlbauer, Matthias},
  journal={arXiv e-prints},
  pages={arXiv--2409},
  year={2024}
}

@article{bi2023accurate,
  title={Accurate medium-range global weather forecasting with 3D neural networks},
  author={Bi, Kaifeng and Xie, Lingxi and Zhang, Hengheng and Chen, Xin and Gu, Xiaotao and Tian, Qi},
  journal={Nature},
  volume={619},
  number={7970},
  pages={533--538},
  year={2023},
  publisher={Nature Publishing Group UK London}
}

@article{lam2023learning,
  title={Learning skillful medium-range global weather forecasting},
  author={Lam, Remi and Sanchez-Gonzalez, Alvaro and Willson, Matthew and Wirnsberger, Peter and Fortunato, Meire and Alet, Ferran and Ravuri, Suman and Ewalds, Timo and Eaton-Rosen, Zach and Hu, Weihua and others},
  journal={Science},
  volume={382},
  number={6677},
  pages={1416--1421},
  year={2023},
  publisher={American Association for the Advancement of Science}
}

@article{price2023gencast,
  title={Gencast: Diffusion-based ensemble forecasting for medium-range weather},
  author={Price, Ilan and Sanchez-Gonzalez, Alvaro and Alet, Ferran and Andersson, Tom R and El-Kadi, Andrew and Masters, Dominic and Ewalds, Timo and Stott, Jacklynn and Mohamed, Shakir and Battaglia, Peter and others},
  journal={arXiv preprint arXiv:2312.15796},
  year={2023}
}

@article{huang2016estimating,
  title={Estimating changes in temperature extremes from millennial-scale climate simulations using generalized extreme value ({GEV}) distributions},
  author={Huang, Whitney K and Stein, Michael L and McInerney, David J and Sun, Shanshan and Moyer, Elisabeth J},
  journal={Advances in Statistical Climatology, Meteorology and Oceanography},
  volume={2},
  number={1},
  pages={79--103},
  year={2016},
  publisher={Copernicus Publications G{\"o}ttingen, Germany}
}

@book{hosking1997regional,
  title={Regional frequency analysis},
  author={Hosking, Jonathan Richard Morley and Wallis, James R},
  year={1997},
  publisher={Cambridge University Press}
}

@article{cooley2007bayesian,
  title={Bayesian spatial modeling of extreme precipitation return levels},
  author={Cooley, Daniel and Nychka, Douglas and Naveau, Philippe},
  journal={Journal of the American Statistical Association},
  volume={102},
  number={479},
  pages={824--840},
  year={2007},
  publisher={Taylor \& Francis}
}

@book{coles2001introduction,
  title={An Introduction to Statistical Modeling of Extreme Values},
  author={Coles, Stuart},
  year={2001},
  publisher={Springer}
}

@article{ben2020evaluation,
  title={An evaluation of block-maximum-based estimation of very long return period precipitation extremes with a large ensemble climate simulation},
  author={Ben Alaya, Mohamed A and Zwiers, F and Zhang, Xuebin},
  journal={Journal of Climate},
  volume={33},
  number={16},
  pages={6957--6970},
  year={2020}
}

@article{price2025probabilistic,
  title={Probabilistic weather forecasting with machine learning},
  author={Price, Ilan and Sanchez-Gonzalez, Alvaro and Alet, Ferran and Andersson, Tom R and El-Kadi, Andrew and Masters, Dominic and Ewalds, Timo and Stott, Jacklynn and Mohamed, Shakir and Battaglia, Peter and others},
  journal={Nature},
  volume={637},
  number={8044},
  pages={84--90},
  year={2025},
  publisher={Nature Publishing Group UK London}
}

@article{ailliot2015stochastic,
  title={Stochastic weather generators: an overview of weather type models},
  author={Ailliot, Pierre and Allard, Denis and Monbet, Val{\'e}rie and Naveau, Philippe},
  journal={Journal de la Soci{\'e}t{\'e} Fran{\c{c}}aise de Statistique},
  volume={156},
  number={1},
  pages={101--113},
  year={2015}
}

@article{tebaldi2025emulators,
  title={Emulators of climate model output},
  author={Tebaldi, Claudia and Selin, NE and Ferrari, R and Flierl, G},
  journal={Annual Review of Environment and Resources},
  volume={50},
  year={2025},
  publisher={Annual Reviews}
}

@article{giorgi2019thirty,
  title={Thirty years of regional climate modeling: where are we and where are we going next?},
  author={Giorgi, Filippo},
  journal={Journal of Geophysical Research: Atmospheres},
  volume={124},
  number={11},
  pages={5696--5723},
  year={2019},
  publisher={Wiley Online Library}
}

@article{lang2024aifs,
  title={AIFS--ECMWF's data-driven forecasting system},
  author={Lang, Simon and Alexe, Mihai and Chantry, Matthew and Dramsch, Jesper and Pinault, Florian and Raoult, Baudouin and Clare, Mariana CA and Lessig, Christian and Maier-Gerber, Michael and Magnusson, Linus and others},
  journal={arXiv preprint arXiv:2406.01465},
  year={2024}
}

@incollection{FlatoEtAl2013,
  author = {Flato, G. and Marotzke, J. and Abiodun, B. and Braconnot, P. and Chou, S.C. and Collins, W. and Cox, P. and Driouech, F. and Emori, S. and Eyring, V. and Forest, C. and Gleckler, P. and Guilyardi, E. and Jakob, C. and Kattsov, V. and Reason, C. and Rummukainen, M.},
  title = {Evaluation of Climate Models},
  booktitle = {Climate Change 2013: The Physical Science Basis. Contribution of Working Group I to the Fifth Assessment Report of the Intergovernmental Panel on Climate Change},
  editor = {Stocker, T.F. and Qin, D. and Plattner, G.-K. and Tignor, M. and Allen, S.K. and Boschung, J. and Nauels, A. and Xia, Y. and Bex, V. and Midgley, P.M.},
  publisher = {Cambridge University Press},
  address = {Cambridge, United Kingdom and New York, NY, USA},
  year = {2013},
  pages = {741--866}
}

@Misc{climextRemes,
    title = {climextRemes: Tools for Analyzing Climate Extremes},
    author = {Christopher J. Paciorek},
    url = {https://cran.r-project.org/package=climextRemes},
    year = {2023},
    version = {0.3.1},
    note = {{R} package version 0.3.1},
  }

@article{risser2019probabilistic,
  title={A probabilistic gridded product for daily precipitation extremes over the {U}nited {S}tates},
  author={Risser, Mark D and Paciorek, Christopher J and Wehner, Michael F and O’Brien, Travis A and Collins, William D},
  journal={Climate Dynamics},
  volume={53},
  number={5},
  pages={2517--2538},
  year={2019},
  publisher={Springer}
}

@article{westra2013global,
  title={Global increasing trends in annual maximum daily precipitation},
  author={Westra, Seth and Alexander, Lisa V and Zwiers, Francis W},
  journal={Journal of Climate},
  volume={26},
  number={11},
  pages={3904--3918},
  year={2013}
}

@article{smith1989extreme,
  title={Extreme value analysis of environmental time series: an application to trend detection in ground-level ozone},
  author={Smith, Richard L},
  journal={Statistical Science},
  pages={367--377},
  year={1989}
}

@article{bercos2022anthropogenic,
  title={Anthropogenic contributions to the 2021 {P}acific {N}orthwest heatwave},
  author={Bercos-Hickey, Emily and O’Brien, Travis A and Wehner, Michael F and Zhang, Likun and Patricola, Christina M and Huang, Huanping and Risser, Mark D},
  journal={Geophysical Research Letters},
  volume={49},
  number={23},
  pages={e2022GL099396},
  year={2022},
  publisher={Wiley Online Library}
}

@article{philip2022rapid,
  title={Rapid attribution analysis of the extraordinary heat wave on the {P}acific coast of the {US} and {C}anada in {J}une 2021},
  author={Philip, Sjoukje Y and Kew, Sarah F and Van Oldenborgh, Geert Jan and Anslow, Faron S and Seneviratne, Sonia I and Vautard, Robert and Coumou, Dim and Ebi, Kristie L and Arrighi, Julie and Singh, Roop and others},
  journal={Earth System Dynamics},
  volume={13},
  number={4},
  pages={1689--1713},
  year={2022},
  publisher={Copernicus Publications G{\"o}ttingen, Germany}
}